%%%%%%%%%%%%%%%%%%%%%%%%%%%%%% CHAPTER 1 %%%%%%%%%%%%%%%%%%%%%%%%%%%%%%

@article{sciencedirect_digital_transformation,
    title = {Roadmap for digital transformation: A literature review},
    author = {Fadwa Zaoui AND Nissrine Souissi},
    journal = {Science Direct},
    year = {2020}
}
    % note = {https://www.sciencedirect.com/science/article/pii/S1877050920317907/pdf?md5=1e35d74e3e0e0dd5206e12b36c5621d2&pid=1-s2.0-S1877050920317907-main.pdf}

@article{digital_transformation_strategies,
    title = {Digital Transformation Strategies},
    author = {Christian Matt AND Thomas Hess AND Alexander Benlian},
    journal = {Springer},
    year = {2015},
}
   % note = {https://boris.unibe.ch/105535/1/11 Matt_Hess_Benlian (2015) - Digital Transformation Strategies.pdf}

@article{sciencedirect_digital_transformation_benefits,
    title = {Developing Digital Transformation Strategy for Manufacturing},
    author = {Saeed Albukhitan},
    journal = {Science Direct},
    year = {2020}
}
    % note = {www.sciencedirect.com/science/article/pii/S1877050920306372/pdf?md5=0a2803ea59507023fc85a80b9ade5b6e&pid=1-s2.0-S1877050920306372-main.pdf}

@article{idc_digital_datasphere,
    title = {The Digitization of the World},
    author = {David Reinsel AND John Gantz AND John Rydning},
    journal = {},
    year = {2018}
}
   % note = {https://www.seagate.com/files/www-content/our-story/trends/files/idc-seagate-dataage-whitepaper.pdf}

@article{emerald_data_driven_orientation,
    title = {Guest editorial: Data-driven orientation and open innovation: the role of resilience in the (co-)development of social changes},
    author = {Orlando Troisi AND Mara Grimaldi},
    journal = {Emerald Publishing},
    year = {2022}
}
   % note = {https://www.emerald.com/insight/content/doi/10.1108/TG-05-2022-317/full/pdf?title=guest-editorial-data-driven-orientation-and-open-innovation-the-role-of-resilience-in-the-co-development-of-social-changes}

@article{researchgate_data_driven_orientation,
    title = {What is a Data-Driven Orientation?},
    author = {Marius Hupperz AND Inan Gür AND Frederik Möller AND Boris Otto},
    journal = {Reasearch Gate},
    year = {2021}
}
   % note = {https://www.researchgate.net/publication/351282206_What_is_a_Data-Driven_Organization}

@article{europe_data_governance_act,
    title = {Data Governance Act},
    author = {European Parliament AND Council of the European Union},
    journal = {},
    year = {2022}
}
   % note = {https://eur-lex.europa.eu/legal-content/EN/TXT/?uri=CELEX%3A32022R0868}

@article{data_governance_activities,
    title = {Data governance activities: an analysis of the literature},
    author = {Ibrahim Alhassan AND David Sammon AND Mary Daly},
    journal = {Journal of Decision Systems},
    year = {2016}
}
   % note = {https://www.tandfonline.com/doi/pdf/10.1080/12460125.2016.1187397}

%%%%%%%%%%%%%%%%%%%%%%%%%%%%%% CHAPTER 2 %%%%%%%%%%%%%%%%%%%%%%%%%%%%%%


@book{new_horizon_for_a_data_driven_economy,
    title = {New Horizons for a Data-Driven Economy},
    author = {José Marıá Cavanillas AND Edward Curry AND Wolfgang Wahlster},
    publisher = {Springer},
    year = {2016}
}
% note = {https://link.springer.com/content/pdf/10.1007/978-3-319-21569-3.pdf?pdf=button}

@article{GAROUSI,
title = {Guidelines for including grey literature and conducting multivocal literature reviews in software engineering},
journal = {Information and Software Technology},
volume = {106},
pages = {101-121},
year = {2019},
issn = {0950-5849},
doi = {https://doi.org/10.1016/j.infsof.2018.09.006},
url = {https://www.sciencedirect.com/science/article/pii/S0950584918301939},
author = {Vahid Garousi and Michael Felderer and Mika V. Mäntylä},
keywords = {Multivocal literature review, Grey literature, Guidelines, Systematic literature review, Systematic mapping study, Literature study, Evidence-based software engineering},
}

@article{laney_3d_data_management,
    title = {3D Data Management: Controlling Data Volume, Velocity, and Variety},
    author = {Doug Laney},
    journal = {Meta Group},
    year = {2011}
}
   % note = {https://studylib.net/doc/8647594/3d-data-management--controlling-data-volume--velocity--an...}

@misc{loukides_data_science,
    title = {What is data science?},   
    url = {https://www.oreilly.com/radar/what-is-data-science/},   
    author = {Mike Loukides},   
    year = {2010},   
    note = {09/2023}
}

@article{jacobs_big_data,
    title = {The Pathologies of Big Data},
    author = {Adam Jacobs},
    journal = {ACM Queue},
    year = {2009}
}
   % note = {https://dl.acm.org/doi/pdf/10.1145/1536616.1536632}

@article{idc_big_data,
    title = {Big Data: What It Is and Why You should care},
    author = {Richard L. Villars AND Carl W. Olofson AND Matthew Eastwood},
    journal = {IDC},
    year = {2011}
}
   % note = {https://www.admin-magazine.com/HPC/content/download/5604/49345/file/IDC_BigData_whitepaper_final.pdf}

@book{iandorio_big_data,
    title = {Big data: cosa sono, come analizzarli e utilizzarli per fare marketing},
    author = {Elisa Iandorio},   
    year = {2020}, 
    publisher = {Dario Flaccovio Editore}
}
   % note = {https://www.google.it/books/edition/Big_data_cosa_sono_come_analizzarli_e_ut/fNM6EAAAQBAJ?hl=it&gbpv=1&printsec=frontcover}

@article{mike_big_data,
    title = {Big data definition},
    author = {Mike 2.0},
    journal = {Mike 2.0},
    year = {2014}
}

@article{nessi_big_data,
    title = {Big Data A New World of Opportunities},
    author = {O'Riáin, S. AND Curry, E. AND Harth, A.},
    journal = {Nessi},
    year = {2012}
}
   % note = {https://nessi.eu/wp-content/uploads/2020/09/NESSI_WhitePaper_BigData.pdf}

@misc{wikipedia_big_data,
    title = {Big Data: 20 Mind-Boggling Facts Everyone Must Read},   
    url = {https://en.wikipedia.org/wiki/Big_data},   
    author = {Wikipedia},   
    year = {2023},   
    note = {09/2023}
}

@misc{google_big_data,
    title = {Big Data Definition},   
    url = {https://www.google.com/search?q=big+data+dictionary},   
    author = {Google AND Oxford},   
    year = {2023},   
    note = {09/2023}
}

@article{routledge_big_data,
    title = {CRITICAL QUESTIONS FOR BIG DATA},
    author = {danah boyd AND Kate Crawford},
    journal = {Routledge},
    year = {2012}
}
   % note = {https://www.dhi.ac.uk/san/waysofbeing/data/communication-zangana-boyd-2012.pdf}

@article{agcom_big_data,
    title = {Big data Interim report nell’ambito dell’indagine conoscitiva di cui alla delibera n. 217/17/CONS},
    author = {AGCOM},
    journal = {AGCOM},
    year = {2018}
}
   % note = {https://www.agcom.it/documents/10179/10875949/Studio-Ricerca+08-06-2018/c72b5230-354d-444f-9e3f-5467ca450714?version=1.0}

@article{researchgate_big_data_analytics,
    title = {Big data analytics},
    author = {Pritee Mangesh Patil},
    journal = {Med Crave},
    year = {2018}
}
   % note = {https://www.researchgate.net/profile/Pritee-Patil/publication/327865715_Big_data_analytics/links/602d03e192851c4ed579756f/Big-data-analytics.pdf}

@book{big_data_analytics_harnessing_data_for_new_business_models,
    title = {Big Data Analytics Harnessing Data for New Business Models},
    author = {Soraya Sedkaoui AND Mounia Khelfaoui AND Nadjat Kadi},
    publisher = {Apple Academic Press},
    year = {2022}
}
   % note = {https://www.researchgate.net/publication/349324019_Big_Data_Analytics_Harnessing_Data_for_New_Business_Models |
    https://ebin.pub/big-data-analytics-harnessing-data-for-new-business-models-1nbsped-9781771889568-9781003129660-2020055946-2020055947-9781774637869.html}

@article{big_data_and_thick_data,
    title = {Integrating Big Data and Thick Data to Transform Public Services Delivery},
    author = {Yuen Yuen Ang},
    journal = {IBM Center},
    year = {2019}
}
   % note = {https://www.businessofgovernment.org/sites/default/files/Integrating Big Data and Thick Data to Transform Public Services Delivery_0.pdf}

@article{researchgate_data_warehouse,
    title = {Comprehensive Analysis of Data Warehouse Implementation in Education Sector 4700},
    author = {Jayashree Gopalsamy AND Priya Chittibabu},
    journal = {IJEAT (International Journal of Engineering and Advanced Technology)},
    year = {2020}
}
   % note = {https://www.researchgate.net/publication/343480667_Comprehensive_Analysis_of_Data_Warehouse_Implementation_in_Education_Sector_4700}

@book{inmon_building_the_data_warehouse,
    title = {Building the Data Warehouse},
    author = {William H. Inmon},
    publisher = {Wiley Publishing},
    year = {1992}
}
   % note = {https://ia800202.us.archive.org/9/items/2005BuildingTheDataWarehouse4thEditionWilliamH.Inmon/2005%20-%20Building%20The%20Data%20Warehouse%20%284th%20Edition%29%20%28William%20H.%20Inmon%29.pdf}

@article{researchgate_data_warehouse_architecture,
    title = {A Data Warehouse Architecture for Clinical Data Warehousing},
    author = {Tony R. Sahama AND Peter R. Croll},
    journal = {Australian Computer Society}, 
    year = {2007}
}
   % note = {https://www.researchgate.net/publication/27473559_A_Data_Warehouse_Architecture_for_Clinical_Data_Warehousing}

@book{kimball_the_data_warehouse_toolkit,
    title = {The Data Warehouse Toolkit},
    author = {Ralph Kimball AND Margy Ross},
    publisher = {Wiley Publishing},
    year = {1996}
}
   % note = {https://github.com/ms2ag16/Books/blob/master/Kimball_The-Data-Warehouse-Toolkit-3rd-Edition.pdf}

@book{vercellis_business_intelligence,
    title = {Business Intelligence},
    author = {Carlo Vercellis},
    publisher = {Wiley Publishing},
    year = {1996}
}
   % note = {http://www.biomedicahelp.altervista.org/Magistrale/Clinics/BIC_PrimoAnno/IdentificazioneModelliDataMining/Business Intelligence - Carlo Vercellis.pdf}

@book{kelly_data_warehousing_in_action,
    title = {Data Warehousing in Action},
    author = {Sean Kelly},
    publisher = {Wiley Publishing},
    year = {1997}
}
   % note = {https://archive.org/details/datawarehousingi0000kell/mode/2up}

@article{researchgate_etl_process,
    title = {Improve Performance of Extract, Transform and Load (ETL) in Data Warehouse},
    author = {Vishal Goar AND S S Sarangdevot AND Govind Tanwar AND Anand Sharma},
    journal = {IJCSE (International Journal on Computer Science and Engineering)}, 
    year = {2010}
}
   % note = {https://www.researchgate.net/publication/49618608_Improve_Performance_of_Extract_Transform_and_Load_ETL_in_Data_Warehouse}

@article{sciencedirect_data_warehouse_model,
    title = {A proposed model for data warehouse ETL processes},
    author = {Shaker H. Ali El-Sappagh AND Abdeltawab M. Ahmed Hendawi AND Ali Hamed El Bastawissy},
    journal = {Journal of King Saud University}, 
    year = {2010}
}
   % note = {https://www.sciencedirect.com/science/article/pii/S131915781100019X?ref=cra_js_challenge&fr=RR-1}

@article{metadata_standards,
    title = {Metadata Standards for Data Warehousing: Op en Information Mo del vs. Common Warehouse Metamodel},
    author = {Thomas Vetterli AND Anca Vaduva AND Martin Staudt},
    journal = {ACM Sigmond Record}, 
    year = {2000}
}
   % note = {https://dl.acm.org/doi/10.1145/362084.362138}

@book{itl_data_warehousing_and_mining,
    title = {Data Warehousing and Data Mining},
    author = {ITLESL},
    publisher = {Pearson Education India},
    year = {2012}
}
   % note = {https://www.google.it/books/edition/Data_Warehousing_and_Mining/q2Y8BAAAQBAJ?hl=it&gbpv=1}

@article{sciencedirect_data_lake,
    title = {Big Data, Fast Data and Data Lake Concepts},
    author = {Natalia Miloslavskaya AND Alexander Tolstoy},
    journal = {Elsevier}, 
    year = {2016}
}
   % note = {https://www.sciencedirect.com/science/article/pii/S1877050916316957}

@book{data_lake_for_enterprices,
    title = {Data Lake for Enterprises},
    author = {Tomcy John AND Pankaj Misra},
    publisher = {Packt},
    year = {2017}
}
   % note = {https://books.google.it/books?id=nHc5DwAAQBAJ&printsec=frontcover&#v=onepage&q&f=false}

@article{ieee_multidimensional_data_modeling,
    title = {Multidimensional Data Modeling for Complex Data},
    author = {Torben Bach Pedersen AND Christian S. Jensen},
    journal = {IEEE}, 
    year = {1999}
}
   % note = {https://homes.cs.aau.dk/~csj/Papers/Files/1999_pedersenICDE.pdf}

@article{unibo_introduzione_al_data_warehousing,
    title = {Introduzione al Data Warehousing},
    author = {Alma Master Studiorum},
    journal = {UNIBO}, 
    year = {2018}
}
   % note = {https://dwhunibo.unibo.it/UNIBO/pdf/Introduzione al data warehousing.pdf}

@article{researchgate_multidimensional_db,
    title = {Multidimensional database technology},
    author = {Torben Bach Pedersen  AND Christian S. Jensen},
    journal = {IEEE Xplore}, 
    year = {2001}
}
   % note = {https://www.researchgate.net/publication/2955558_Multidimensional_database_technology}

@article{scribd_oltp_olap,
    title = {A Common Database Approach for OLTP and OLAP Using an In-Memory Column Database},
    author = {Hasso Plattner},
    journal = {ACM SIGMOD International Conference on Management of Data}, 
    year = {2009}
}
   % note = {https://it.scribd.com/presentation/440688021/A-Common-Database-Approach-for-OLTP-and-OLAP}

@article{ieee_oltp_olap,
    title = {OLTP and OLAP data integration: A review of feasible implementation methods and architectures for real time data analysis},
    author = {Samuel Conn},
    journal = {IEEE}, 
    year = {2005}
}
   % note = {https://www.researchgate.net/publication/4140602_OLTP_and_OLAP_data_integration_A_review_of_feasible_implementation_methods_and_architectures_for_real_time_data_analysis}

@article{mit_keen_dss,
    title = {Decision support systems : a research perspective},
    author = {Peter G. W. Keen},
    journal = {Center for Information Systems Research}, 
    year = {1980}
}
   % note = {https://dspace.mit.edu/bitstream/handle/1721.1/47172/decisionsupports1980keen.pdf}

@book{dss_characteristics,
    title = {Decision Support Systems and Intelligent Systems},
    author = {Efraim Turban AND Jay E. Aronson},
    publisher = {Prentice Hall},
    year = {2001}
}
   % note = {https://www.researchgate.net/publication/328508044_Decision_Support_Systems}

@book{academiaedu_bi_and_ba,
    title = {Business Intelligence and Analytics},
    author = {Drew Bentley},
    publisher = {Library Press},
    year = {2017}
}
   % note = {https://www.academia.edu/download/60523279/Business_Intelligence_and_Analytics20190908-80652-1t6lpad.pdf}

%%%%%%%%%%%%%%%%%%%%%%%%%%%%%% CHAPTER 3 %%%%%%%%%%%%%%%%%%%%%%%%%%%%%%

@book{knowledge_management_tools,
    title = {Knowledge Management Tools},
    author = {Rudy L. Ruggles},
    publisher = {Taylor \& Francis Group},
    year = {1997}
}
   % note = {https://books.google.it/books?id=V2y1xgGjgsgC&printsec=frontcover&hl=it#v=onepage&q&f=false}

@article{rowley_dikw_hierarchy,
    title = {The wisdom hierarchy: representations of the DIKW hierarchy},
    author = {Jennifer Rowley},
    journal = {Journal of Information Science}, 
    year = {2006}
}
   % note = {https://www-public.imtbs-tsp.eu/~gibson/Teaching/Teaching-ReadingMaterial/Rowley06.pdf}

@book{knowledge_management_historical,
    title = {Knowledge Management},
    author = {Danny P. Wallace},
    publisher = {Libraries Unlimited},
    year = {2007}
}
   % note = {pustaka.unp.ac.id/file/abstrak_kki/EBOOKS/KNOWLEDGE MANAGEMENT Knowledge management  historical and cross-disciplinary themes.pdf}

@article{researchgate_revising_dikw_pyramid,
    title = {Revising the DIKW Pyramid and the Real Relationship Between Data, Information, Knowledge, and Wisdom},
    author = {Heather J. Van Meter},
    journal = {Law Technology and Humans}, 
    year = {2020}
}
   % note = {https://www.researchgate.net/publication/347145057_Revising_the_DIKW_Pyramid_and_the_Real_Relationship_Between_Data_Information_Knowledge_and_Wisdom}

@article{ieee_enterprise_knowledge_management,
    title = {Enterprise Knowledge Management},
    author = {Daniel E. O ’Leary},
    journal = {Computer IEEE}, 
    year = {1998}
}
   % note = {https://msbfile03.usc.edu/digitalmeasures/doleary/intellcont/enterprise-knowledge-management-1.pdf}

@article{overview_of_knowledge_management,
    title = {Overview of Knowledge Management},
    author = {Andreea M. Serban AND Jing Luan},
    journal = {Wiley Periodicals}, 
    year = {2002}
}
   % note = {https://www.uky.edu/~gmswan3/575/Serban_and_Luan_2002.pdf}

@article{from_data_mining_to_knowledge_discovery,
    title = {From Data Mining to Knowledge Discovery in Databases},
    author = {Usama Fayyad AND Gregory Piatetsky-Shapiro AND and Padhraic Smyth},
    journal = {AI Magazine}, 
    year = {1996}
}
   % note = {https://ojs.aaai.org/aimagazine/index.php/aimagazine/article/view/1230/1131}

@article{knowledge_discovery_in_databases,
    title = {Knowledge Discovery in Databases},
    author = {M. Jay Norto},
    journal = {The Board of Trustees}, 
    year = {1999}
}
   % note = {https://citeseerx.ist.psu.edu/pdf/0d501bb278377d4b22130e977e5d2f9a50405d78}

@article{researchgate_data_mining_and_knowledge,
    title = {A survey of data mining and knowledge discovery process models and methodologies},
    author = {Gonzalo Mariscal AND Covadonga Fernández AND Oscar Marbán},
    journal = {The Knowledge Engineering Review}, 
    year = {2010}
}
   % note = {https://www.researchgate.net/publication/220254274_A_survey_of_data_mining_and_knowledge_discovery_process_models_and_methodologies}

@book{knowledge_science,
    title = {Knowledge Management},
    author = {Yoshiteru Nakamori},
    publisher = {CRC Press},
    year = {2012}
}
   % note = {https://books.google.it/books?id=jO0PuvpXXygC&printsec=frontcover&hl=it#v=onepage&q&f=false}

@article{citeseerx_data_mining,
    title = {DATA WAREHOUSING, DATA MINING, OLAP AND OLTP TECHNOLOGIES ARE ESSENTIAL ELEMENTS TO SUPPORT DECISION-MAKING PROCESS IN INDUSTRIES},
    author = {G. Satyanarayana Reddy AND M. Poorna Chander Rao AND Rallabandi Srinivasu AND Srikanth Reddy Rikkula},
    journal = {IJCSE (International Journal on Computer Science and Engineering)}, 
    year = {2010}
}
   % note = {https://citeseerx.ist.psu.edu/document?repid=rep1&type=pdf&doi=d978cc1624aa8620ceafd2b2a9121c255e032652}

@article{aircconline_data_mining,
    title = {Data Mining and Its Applications for Knowledge Management : A Literature Review from 2007 to 2012},
    author = {Tipawan Silwattananusarn AND Kulthida Tuamsuk},
    journal = {IJDKP (International Journal of Data Mining \& Knowledge Management Process}, 
    year = {2012}
}
   % note = {https://aircconline.com/ijdkp/V2N5/2512ijdkp02.pdf}

@article{knowledge_management_process,
    title = {Knowledge Management Process: a theoretical-conceptual research},
    author = {Rodrigo Valio Dominguez Gonzalez AND Manoel Fernando Martins},
    journal = {Gest. Prod.}, 
    year = {2017}
}
   % note = {https://www.scielo.br/j/gp/a/cbfhzLCBfB6gnzrqPtyby8S/?format=pdf&lang=en}

@article{decisionpath_bi_value,
    title = {The Business Value of Business Intelligence},
    author = {Steve Williams AND Nancy Williams},
    journal = {Business Intelligence Journal}, 
    year = {2003}
}
   % note = {http://www.decisionpath.com/wp-content/uploads/2010/12/The-Business-Value-of-BI.pdf}

@article{meauserement_of_bi,
    title = {The measuremmente of Business Intelligence},
    author = {Antti Lönnqvist AND Virpi Pirttimäki},
    journal = {Information Systems Management Journal}, 
    year = {2006}
}
   % note = {cjou.im.tku.edu.tw/bi2008/MeasurementOfBI.pdf}

@book{bi_strategic_intelligence,
    title = {Strategic Intelligence},
    author = {Jay Liebowitz},   
    year = {2006}, 
    publisher = {Auerbach Publications}
}
   % note = {http://repo.darmajaya.ac.id/5337/1/Strategic%20Intelligence_%20Business%20Intelligence%2C%20Competitive%20Intelligence%2C%20and%20Knowledge%20Management%20%28%20PDFDrive%20%29.pdf}

@article{researchgate_bi_systems,
    title = {Business Intelligence},
    author = {Solomon Negash AND Paul Gray},
    journal = {AMCIS (Americas Conference on Information Systems)}, 
    year = {2003}
}
   % note = {https://www.researchgate.net/publication/220890856_Business_Intelligence}

@book{dalla_bi_al_dw,
    title = {Dalla Business Intelligence al Data Warehouse},
    author = {Massimo Bergamaschi},   
    year = {2021}, 
    publisher = {Youcanprint}
}
   % note = {https://www.google.it/books/edition/Dalla_Business_Intelligence_al_Data_Ware/m-xDEAAAQBAJ}

@book{bi_for_dummies,
    title = {Business Intelligence For Dummies},
    author = {Swain Scheps},   
    year = {2009}, 
    publisher = {Wiley Publishing}
}
   % note = {https://opac.atmaluhur.ac.id/uploaded_files/temporary/DigitalCollection/Mjg1Mzg1ZDhkNzgyMTZlOWUwMDk4NmI3YmYzZjBmYzg5YzEyYTExZA==.pdf}

@article{boomper_book_of_bi,
    title = {The Bumper Book of Business Intelligence},
    author = {Mahesh Birajdar},
    journal = {Matillion}
}
   % year = {2003}
   % note = {https://www.academia.edu/8018710/The_Bumper_Book_of_Business_Intelligence_A_90_page_guide_to_everything_BI}

@article{citeseerx_bi_process,
    title = {Business Intelligence Systems: Design and Implementation Strategies},
    author = {G.R. Gangadharan AND S.N. Swami},
    journal = {26th International Conference on Information Technology Interfaces},
    year = {2004}
}
   % note = {https://citeseerx.ist.psu.edu/document?repid=rep1&type=pdf&doi=54225e835d5bcb627cbc0e056ad1150b9d98d2e0}

@article{bi_capabilities,
    title = {LITERATURE REVIEW OF BUSINESS INTELLIGENCE},
    author = {Rasmey Heang AND Raghul Mohan},
    journal = {School of Business and Engineering},
    year = {2017}
}
   % note = {http://www.diva-portal.org/smash/get/diva2:1080911/FULLTEXT01.pdf}

@article{academiaedu_bpi_definition,
    title = {Business Process Intelligence},
    author = {Malu Castellanos AND Ana Karla Alves de Medeiros AND Jan Mendling AND Barbara Weber AND Antonius Jozef Martha Maria Weijters},
    journal = {IEEE Transactions on Software Engineering},
    year = {2009}
}
   % note = {https://www.academia.edu/17206367/Business_process_intelligence}

@article{academiaedu_bpi_feautures,
    title = {Business Process Intelligence},
    author = {Daniela Grigori AND Fabio Casati AND Malu Castellanos AND Umeshwar Dayal AND Mehmet Sayal AND Ming-Chien Shan},
    journal = {Computers in Industry},
    year = {2004}
}
   % note = {https://www.academia.edu/3518330/Business_Process_Intelligence}

@misc{gartner_ba,
    title = {Business Analytics},
    url = {https://www.gartner.com/en/information-technology/glossary/business-analytics}, 
    author = {Gartner},
    year = {2023},   
    note = {10/2023}
}

@article{researchgate_bi_and_ba_analytics,
    title = {Research challenges and opportunities in business analytics},
    author = {Dursun Delen AND Sudha Ram},
    journal = {Journal of Business Analytics},
    year = {2018}
}
   % note = {https://www.researchgate.net/publication/327202967_Research_challenges_and_opportunities_in_business_analytics}

%%%%%%%%%%%%%%%%%%%%%%%%%%%%%% CHAPTER 4 %%%%%%%%%%%%%%%%%%%%%%%%%%%%%%

@book{system_requirements_analysis,
    title = {System Requirements Analysis},
    author = {Jeffrey O. Grady},   
    year = {2010}, 
    publisher = {Academic Press}
}
   % note = {https://books.google.it/books?id=FkpqAnHUNLYC&printsec=frontcover&hl=it&source=gbs_ge_summary_r&cad=0#v=onepage&q&f=false}

@article{researchgate_srs_introduction,
    title = {Detecting defects in software requirements specification},
    author = {Amira A. Alshazly AND Ahmed M. Elfatatry AND Mohamed S. Abougabal},
    journal = {Alexandria Engineering Journal},
    year = {2014}
}
   % note = {https://www.researchgate.net/publication/263509692_Detecting_defects_in_software_requirements_specification}

@article{researchgate_srs_structure,
    title = {Processing Natural Language Software Requirement Specifications},
    author = {Miles Osborne AND Craig MacNish},
    journal = {Proceedings of the Second International Conference on Requirements Engineering},
    year = {1995}
}
   % note = {https://www.researchgate.net/publication/3625046_Processing_natural_language_software_requirement_specifications}

@book{software_requirements,
    title = {Software Requirements},
    author = {John W. Brackett},   
    year = {1990}, 
    publisher = {Carnegie Mellon University}
}
   % note = {https://apps.dtic.mil/sti/pdfs/ADA235642.pdf}

@book{requirements_types,
    title = {Guide to the Software Engineering Body of Knowledge},
    author = {Pierre Bourque AND Richard E. (Dick) Fairley},   
    year = {2014}, 
    publisher = {IEEE Computer Society}
}
   % note = {https://ieeecs-media.computer.org/media/education/swebok/swebok-v3.pdf}